    @BOOK{Ieee,
      title =        "IEEE Guide for Software Verification and Validation Plans",
      journal =		 "IEEE Std. 1059-1993",
      publisher =    "IEEE Computer Society",
      year =         "1993",
      note =         "ISBN~0-7381-0410-8",
    }
    
    @ONLINE{Swebok,
      author =       "A. Abram and J.W. Moore and P. Bourque and R. Dupuis",
      title =        "Guide to the Software Engineering Body of Knowledge [online]",
      publisher =    "IEEE Computer Society",
      year =         "2004 [cit. 2014-04-16]",
      note =         "ISBN~0-7695-2330-7",
      howpublished=  "{\url{http://www.inf.ed.ac.uk/teaching/courses/seoc/2006_2007/resources/SWEBOK_Guide_2004.pdf}}",
    }

    @BOOK{Pressman,
      author =       "Roger S. Pressman",
      title =        "Software engineering (7th ed.): a practitioner's approach",
      publisher =    "McGraw-Hill, Inc.",
      year =         "2010",
      note =         "ISBN~978-0-07-337597-7",
    }
    
    @BOOK{Ieee_unit,
      title =        "IEEE Standard for Software Unit Testing",
	  journal =      "IEEE Std. 1008-1987",
      publisher =    "IEEE Computer Society",
      year =         "1986",
      note =         "ISBN~1-55937-672-4",
    }
    
    @BOOK{Ieee_glossary,
      title =        "IEEE Standard Glossary of Software Engineering Terminology",
      publisher =    "IEEE Computer Society",
	  journal =      "IEEE Std. 610.12-1990",
      year =         "1990",
      note =         "ISBN~1-55937-067-X",
    }

	@MISC{Continuous_integration, 
      author =       "Martin Fowler",  
      title =        "Continuous Integration [online]",
      year =         "2006-05-01 [cit. 2013-03-27]",
      howpublished=  "{\tt http://www.martinfowler.com/articles/continuousIntegration.html}",
	}

    @INPROCEEDINGS{Continuous_integration_implementation,
      author =     "Abdul, F.A. and Fhang, M.C.S.", 
      booktitle  = "Innovation Management and Technology Research (ICIMTR), 2012 International Conference on", 
      title=       "Implementing Continuous Integration towards rapid application development", 
      year=        "2012", 
      pages=       "118-123", 
      note=        "ISBN~978-1-4673-0655-3",   
    }

	@MISC{Parallel_approach, 
      author =       "Filipe Miguel Meireles Fonseca",  
      title =        "A Parallel Execution Approach for Efficient Regression Testing in the OutSystems Test Infrastructure",
      howpublished = "Universidade de Lisboa",
      year =         "2009",
	}

	@article{Kapfhammer,
	  title =		 "Automatically and transparently distributing the execution of regression test suites",
	  author =       "Kapfhammer, Gregory M",
	  journal =      "Proceedings of the 18th International Conference on Testing Computer Software",
	  year =         "2001",
	}

	
%%%%%%%%%%%%%%%%%%%%%%%%%%%%%%%%%%%%%%%%%%%%%%%%%%%%%%%%%%%%%%%%%%%%%%%%
    


   @MISC{cstugWeb,
      author =       "{WWW stránky}",  
      title =        "Československé sdružení uživatelů {\TeX}u",
      howpublished=  "{\tt http://www.cstug.cz}",
   }

   @MISC{fitWeb,
      author =       "Z. Rábová and P. Hanáček and P. Peringer and P. Přikryl and B. Křena",  
      title =        "Užitečné rady pro psaní odborného textu [online]",
      publisher =    "FIT VUT v Brně",
      year =         "2008-11-01 [cit. 2008-11-28]",
      howpublished=  "{\tt http://www.fit.vutbr.cz/info/statnice/psani\_textu.html}",
   }
